@inproceedings{cao2019adversarial,
  title={Adversarial sensor attack on lidar-based perception in autonomous driving},
  author={Cao, Yulong and Xiao, Chaowei and Cyr, Benjamin and Zhou, Yimeng and Park, Won and Rampazzi, Sara and Chen, Qi Alfred and Fu, Kevin and Mao, Z Morley},
  booktitle={Proceedings of the 2019 ACM SIGSAC conference on computer and communications security},
  pages={2267--2281},
  year={2019}
}

@article{brunke2022safe,
  title={Safe learning in robotics: From learning-based control to safe reinforcement learning},
  author={Brunke, Lukas and Greeff, Melissa and Hall, Adam W and Yuan, Zhaocong and Zhou, Siqi and Panerati, Jacopo and Schoellig, Angela P},
  journal={Annual Review of Control, Robotics, and Autonomous Systems},
  volume={5},
  pages={411--444},
  year={2022},
  publisher={Annual Reviews}
}


@inproceedings{pei2017deepxplore,
  title={Deepxplore: Automated whitebox testing of deep learning systems},
  author={Pei, Kexin and Cao, Yinzhi and Yang, Junfeng and Jana, Suman},
  booktitle={proceedings of the 26th Symposium on Operating Systems Principles},
  pages={1--18},
  year={2017}
}